@BOOK{icnd1eng,
  TITLE = {CCENT/ CCNA ICND1 100-105 Official Cert Guide},
  AUTHOR = {Wendell Odom},
  YEAR = {2016},
  PUBLISHER = {Cisco Press},
  NOTE = {\url{https://lib.mipt.ru/book/300519/}}
}
@BOOK{icnd2eng,
	TITLE = {CCNA Routing and Switching ICND2 200-105 Official Cert Guide},
	AUTHOR = {Wendell Odom},
	YEAR = {2016},
	PUBLISHER = {Cisco Press},
	NOTE = {\url{https://lib.mipt.ru/book/300520/}}
}
@BOOK{olipher,
	TITLE = {Компьютерные сети. Принципы, технологии, протоколы. 4-е издание},
	AUTHOR = {В. Олифер, Н. Олифер},
	YEAR = {2010},
	PUBLISHER = {Питер},
	NOTE = {\url{https://lib.mipt.ru/book/300521/}}
}